%% This BibTeX bibliography file was created using BibDesk.
%% http://bibdesk.sourceforge.net/

%% Created for Paul Drautzburg at 2018-07-21 16:51:51 +0200 


%% Saved with string encoding Unicode (UTF-8) 



@webpage{Header-Dat,
	Date-Added = {2018-07-21 14:51:18 +0000},
	Date-Modified = {2018-07-21 14:51:51 +0000},
	Lastchecked = {20.07.2018},
	Url = {https://blog.milsystems.de/2011/11/netzwerktechnologie/}}

@webpage{Wiki-OSI,
	Date-Added = {2018-07-20 12:58:08 +0000},
	Date-Modified = {2018-07-20 12:58:34 +0000},
	Lastchecked = {20.07.2018},
	Url = {https://de.wikipedia.org/wiki/OSI-Modell#Schicht_4_%E2%80%93_Transportschicht_(Transport_Layer)},
	Bdsk-Url-1 = {https://de.wikipedia.org/wiki/OSI-Modell#Schicht_4_%E2%80%93_Transportschicht_(Transport_Layer)}}

@webpage{Gab-Internet,
	Date-Added = {2018-07-20 11:55:20 +0000},
	Date-Modified = {2018-07-20 11:56:21 +0000},
	Lastchecked = {20.07.2018},
	Url = {https://wirtschaftslexikon.gabler.de/definition/internet-37192},
	Bdsk-Url-1 = {https://wirtschaftslexikon.gabler.de/definition/internet-37192}}

@webpage{intra1,
	Date-Added = {2018-07-20 11:31:28 +0000},
	Date-Modified = {2018-07-20 11:36:08 +0000},
	Lastchecked = {20.07.2018},
	Title = {DMZ, demilitarisierte Zone},
	Url = {https://www.iternas.com/dmz},
	Year = {2016},
	Bdsk-Url-1 = {https://www.iternas.com/dmz}}

@unpublished{JueNeuSaDue,
	Author = {J{\"u}rgen Neuschwander and Sabine D{\"u}sterh{\"o}ft},
	Date-Added = {2018-07-20 10:02:07 +0000},
	Date-Modified = {2018-07-20 10:12:26 +0000},
	Month = {March},
	Rating = {1},
	Title = {IT-Sicherheitsarchitekturen Aufgabenstellung zum Praktikum},
	Year = {2018},
	Bdsk-File-1 = {YnBsaXN0MDDUAQIDBAUGJCVYJHZlcnNpb25YJG9iamVjdHNZJGFyY2hpdmVyVCR0b3ASAAGGoKgHCBMUFRYaIVUkbnVsbNMJCgsMDxJXTlMua2V5c1pOUy5vYmplY3RzViRjbGFzc6INDoACgAOiEBGABIAFgAdccmVsYXRpdmVQYXRoWWFsaWFzRGF0YV8QOC4uLy4uLy4uLy4uLy4uL0FubGVpdHVuZ19JVC1TRUNfUHJha3Rpa3VtX1NTMThfU0QtSk4ucGRm0hcLGBlXTlMuZGF0YU8RAbYAAAAAAbYAAgAADE1hY2ludG9zaCBIRAAAAAAAAAAAAAAAAAAAAAAAAABCRAAB/////x9BbmxlaXR1bmdfSVQtU0VDX1AjRkZGRkZGRkYucGRmAAAAAAAAAAAAAAAAAAAAAAAAAAAAAAAAAAAAAAAAAAD/////AAAAAAAAAAAAAAAAAAUAAQAACiBjdQAAAAAAAAAAAAAAAAAHRGVza3RvcAAAAgBDLzpVc2VyczpnZW9yZ21vaHI6RGVza3RvcDpBbmxlaXR1bmdfSVQtU0VDX1ByYWt0aWt1bV9TUzE4X1NELUpOLnBkZgAADgBUACkAQQBuAGwAZQBpAHQAdQBuAGcAXwBJAFQALQBTAEUAQwBfAFAAcgBhAGsAdABpAGsAdQBtAF8AUwBTADEAOABfAFMARAAtAEoATgAuAHAAZABmAA8AGgAMAE0AYQBjAGkAbgB0AG8AcwBoACAASABEABIAQVVzZXJzL2dlb3JnbW9oci9EZXNrdG9wL0FubGVpdHVuZ19JVC1TRUNfUHJha3Rpa3VtX1NTMThfU0QtSk4ucGRmAAATAAEvAAAVAAIAEP//AACABtIbHB0eWiRjbGFzc25hbWVYJGNsYXNzZXNdTlNNdXRhYmxlRGF0YaMdHyBWTlNEYXRhWE5TT2JqZWN00hscIiNcTlNEaWN0aW9uYXJ5oiIgXxAPTlNLZXllZEFyY2hpdmVy0SYnVHJvb3SAAQAIABEAGgAjAC0AMgA3AEAARgBNAFUAYABnAGoAbABuAHEAcwB1AHcAhACOAMkAzgDWApACkgKXAqICqwK5Ar0CxALNAtIC3wLiAvQC9wL8AAAAAAAAAgEAAAAAAAAAKAAAAAAAAAAAAAAAAAAAAv4=}}

@book{Kurose2008Computernetzwerke,
	Address = {M{\"u}nchen [u.a.]},
	Author = {Kurose, James F. and Ross, Keith W.},
	Edition = {4., aktual. Aufl.},
	Isbn = {978-3-8273-7330-4},
	Keywords = {Rechnernetz},
	Language = {Deutsch},
	Note = {HTWG Konstanz},
	Pages = {896 Seiten},
	Publisher = {Pearson Studium},
	Series = {IT - Informatik},
	Title = {Computernetzwerke: der Top-Down-Ansatz},
	Url = {http://www.gbv.de/dms/ilmenau/toc/558366325.PDF},
	Year = {2008},
	Bdsk-Url-1 = {http://www.gbv.de/dms/ilmenau/toc/558366325.PDF}}
